%% This BibTeX bibliography file was created using BibDesk.
%% https://bibdesk.sourceforge.io/

%% Created for Spencer Smith at 2022-06-14 17:01:21 -0400 


%% Saved with string encoding Unicode (UTF-8) 



@misc{WikipediaTerzaghi2022,
	author = {Wikipedia},
	date-added = {2022-06-14 16:59:50 -0400},
	date-modified = {2022-06-14 17:01:03 -0400},
	howpublished = {\url{https://en.wikipedia.org/wiki/Terzaghi%27s_principle}},
	month = {June},
	title = {Terzaghi's principle},
	year = {2022},
	bdsk-url-1 = {https://en.wikipedia.org/wiki/Terzaghi%27s_principle}}

@misc{WikipediaWeight,
  author = {Wikipedia},
  date-added = {2022-06-20 16:58:00 -0400},
  date-modified = {2022-06-20 17:00:00 -0400},
  howpublished = {\url{https://en.wikipedia.org/wiki/Weight}},
  month = {June},
  title = {Weight},
  year = {2022},
  bdsk-url-1 = {https://en.wikipedia.org/wiki/Weight}}

@misc{WikipediaPressure,
  author = {Wikipedia},
  date-added = {2022-06-20 17:20:00 -0400},
  date-modified = {2022-06-20 17:21:00 -0400},
  howpublished = {\url{https://en.wikipedia.org/wiki/Pressure}},
  month = {June},
  title = {Pressure},
  year = {2022},
  bdsk-url-1 = {https://en.wikipedia.org/wiki/Pressure}}

@misc{WikipediaSaintVenant,
  author = {Wikipedia},
  date-added = {2022-07-04 12:40:00 -0400},
  date-modified = {2022-07-04 12:41:00 -0400},
  howpublished = {\url{https://en.wikipedia.org/wiki/Saint-Venant%27s_principle}},
  month = {July},
  title = {Saint-Venant's Principle},
  year = {2022},
  bdsk-url-1 = {https://en.wikipedia.org/wiki/Saint-Venant%27s_principle}}

@article{FredlundKrahn,
	author = {D.G. Fredlund and J.Krahn},
	date-added = {2022-06-14 16:20:26 -0400},
	date-modified = {2022-06-14 16:21:46 -0400},
	journal = {Can. Geotech. J.},
	month = {April},
	number = {14},
	pages = {429--439},
	title = {Comparison of slope stability methods of analysis},
	volume = {4},
	year = {1977}}

@techreport{SmithMcCutchanAndCarette2017,
	author = {W. Spencer Smith and John McCutchan and Jacques Carette},
	date-added = {2022-06-14 16:19:16 -0400},
	date-modified = {2022-06-14 16:19:16 -0400},
	institution = {McMaster University, Department of Computing and Software},
	number = {CAS-17-01-SS},
	title = {Commonality Analysis for a Family of Material Models},
	type = {Technical Report},
	year = {2017},
	bdsk-file-1 = {YnBsaXN0MDDSAQIDBFxyZWxhdGl2ZVBhdGhZYWxpYXNEYXRhXxAwLi4vLi4vLi4vLi4vcHViL1NtaXRoTWNDdXRjaGFuQW5kQ2FyZXR0ZTIwMTcucGRmTxEBjAAAAAABjAACAAAMTWFjaW50b3NoIEhEAAAAAAAAAAAAAAAAAAAAAAAAAEJEAAH/////H1NtaXRoTWNDdXRjaGFuQW5kQyNGRkZGRkZGRi5wZGYAAAAAAAAAAAAAAAAAAAAAAAAAAAAAAAAAAAAAAAAAAP////8AAAAAAAAAAAAAAAAABAACAAAKIGN1AAAAAAAAAAAAAAAAAANwdWIAAAIAOS86VXNlcnM6c21pdGhzOlJlcG9zOnB1YjpTbWl0aE1jQ3V0Y2hhbkFuZENhcmV0dGUyMDE3LnBkZgAADgBCACAAUwBtAGkAdABoAE0AYwBDAHUAdABjAGgAYQBuAEEAbgBkAEMAYQByAGUAdAB0AGUAMgAwADEANwAuAHAAZABmAA8AGgAMAE0AYQBjAGkAbgB0AG8AcwBoACAASABEABIAN1VzZXJzL3NtaXRocy9SZXBvcy9wdWIvU21pdGhNY0N1dGNoYW5BbmRDYXJldHRlMjAxNy5wZGYAABMAAS8AABUAAgAN//8AAAAIAA0AGgAkAFcAAAAAAAACAQAAAAAAAAAFAAAAAAAAAAAAAAAAAAAB5w==}}

@inproceedings{Smith2006,
	address = {Minneapolis / St.\ Paul, Minnesota},
	author = {W. Spencer Smith},
	booktitle = {Proceedings of the 14th IEEE International Requirements Engineering Conference, RE 2006},
	date-added = {2022-06-14 16:18:56 -0400},
	date-modified = {2022-06-14 16:18:56 -0400},
	local-url = {/Users/smiths/Work/Research/Papers/RE_2006/Smith2006_VersionAsPublished.pdf},
	pages = {209--218},
	title = {Systematic Development of Requirements Documentation for General Purpose Scientific Computing Software},
	url = {http://www.ifi.unizh.ch/req/events/RE06/},
	year = {2006},
	bdsk-file-1 = {YnBsaXN0MDDSAQIDBFxyZWxhdGl2ZVBhdGhZYWxpYXNEYXRhXxAwLi4vLi4vLi4vLi4vcHViL1NtaXRoMjAwNl9WZXJzaW9uQXNQdWJsaXNoZWQucGRmTxEBjAAAAAABjAACAAAMTWFjaW50b3NoIEhEAAAAAAAAAAAAAAAAAAAAAAAAAEJEAAH/////H1NtaXRoMjAwNl9WZXJzaW9uQSNGRkZGRkZGRi5wZGYAAAAAAAAAAAAAAAAAAAAAAAAAAAAAAAAAAAAAAAAAAP////8AAAAAAAAAAAAAAAAABAACAAAKIGN1AAAAAAAAAAAAAAAAAANwdWIAAAIAOS86VXNlcnM6c21pdGhzOlJlcG9zOnB1YjpTbWl0aDIwMDZfVmVyc2lvbkFzUHVibGlzaGVkLnBkZgAADgBCACAAUwBtAGkAdABoADIAMAAwADYAXwBWAGUAcgBzAGkAbwBuAEEAcwBQAHUAYgBsAGkAcwBoAGUAZAAuAHAAZABmAA8AGgAMAE0AYQBjAGkAbgB0AG8AcwBoACAASABEABIAN1VzZXJzL3NtaXRocy9SZXBvcy9wdWIvU21pdGgyMDA2X1ZlcnNpb25Bc1B1Ymxpc2hlZC5wZGYAABMAAS8AABUAAgAN//8AAAAIAA0AGgAkAFcAAAAAAAACAQAAAAAAAAAFAAAAAAAAAAAAAAAAAAAB5w==},
	bdsk-file-2 = {YnBsaXN0MDDSAQIDBFxyZWxhdGl2ZVBhdGhZYWxpYXNEYXRhXxBMLi4vLi4vLi4vLi4vLi4vV29yay9SZXNlYXJjaC9QYXBlcnMvUkVfMjAwNi9TbWl0aDIwMDZfVmVyc2lvbkFzUHVibGlzaGVkLnBkZk8RAbQAAAAAAbQAAgAADE1hY2ludG9zaCBIRAAAAAAAAAAAAAAAAAAAAAAAAABCRAAB/////x9TbWl0aDIwMDZfVmVyc2lvbkEjRkZGRkZGRkYucGRmAAAAAAAAAAAAAAAAAAAAAAAAAAAAAAAAAAAAAAAAAAD/////AAAAAFBERiBDQVJPAAUABQAACiBjdQAAAAAAAAAAAAAAAAAHUkVfMjAwNgAAAgBMLzpVc2VyczpzbWl0aHM6V29yazpSZXNlYXJjaDpQYXBlcnM6UkVfMjAwNjpTbWl0aDIwMDZfVmVyc2lvbkFzUHVibGlzaGVkLnBkZgAOAEIAIABTAG0AaQB0AGgAMgAwADAANgBfAFYAZQByAHMAaQBvAG4AQQBzAFAAdQBiAGwAaQBzAGgAZQBkAC4AcABkAGYADwAaAAwATQBhAGMAaQBuAHQAbwBzAGgAIABIAEQAEgBKVXNlcnMvc21pdGhzL1dvcmsvUmVzZWFyY2gvUGFwZXJzL1JFXzIwMDYvU21pdGgyMDA2X1ZlcnNpb25Bc1B1Ymxpc2hlZC5wZGYAEwABLwAAFQACAA3//wAAAAgADQAaACQAcwAAAAAAAAIBAAAAAAAAAAUAAAAAAAAAAAAAAAAAAAIr},
	bdsk-url-1 = {http://www.ifi.unizh.ch/req/events/RE06/}}

@article{SmithEtAl2007,
	author = {W. Spencer Smith and Lei Lai and Ridha Khedri},
	date-added = {2022-06-14 16:17:24 -0400},
	date-modified = {2022-06-14 16:17:24 -0400},
	doi = {10.1007/s11155-006-9020-7},
	issn = {1573-1340},
	journal = {Reliable Computing, Special Issue on Reliable Engineering Computation},
	local-url = {/Users/smiths/Work/Research/Papers/ReliableComputing/SmithLaiAndKhedri2007fulltext.pdf},
	month = feb,
	number = {1},
	pages = {83--107},
	title = {Requirements Analysis for Engineering Computation: A Systematic Approach for Improving Software Reliability},
	url = {https://doi.org/10.1007/s11155-006-9020-7},
	volume = {13},
	year = {2007},
	bdsk-file-1 = {YnBsaXN0MDDSAQIDBFxyZWxhdGl2ZVBhdGhZYWxpYXNEYXRhXxAxLi4vLi4vLi4vLi4vcHViL1NtaXRoTGFpQW5kS2hlZHJpMjAwN2Z1bGx0ZXh0LnBkZk8RAY4AAAAAAY4AAgAADE1hY2ludG9zaCBIRAAAAAAAAAAAAAAAAAAAAAAAAABCRAAB/////x9TbWl0aExhaUFuZEtoZWRyaTIjRkZGRkZGRkYucGRmAAAAAAAAAAAAAAAAAAAAAAAAAAAAAAAAAAAAAAAAAAD/////AAAAAAAAAAAAAAAAAAQAAgAACiBjdQAAAAAAAAAAAAAAAAADcHViAAACADovOlVzZXJzOnNtaXRoczpSZXBvczpwdWI6U21pdGhMYWlBbmRLaGVkcmkyMDA3ZnVsbHRleHQucGRmAA4ARAAhAFMAbQBpAHQAaABMAGEAaQBBAG4AZABLAGgAZQBkAHIAaQAyADAAMAA3AGYAdQBsAGwAdABlAHgAdAAuAHAAZABmAA8AGgAMAE0AYQBjAGkAbgB0AG8AcwBoACAASABEABIAOFVzZXJzL3NtaXRocy9SZXBvcy9wdWIvU21pdGhMYWlBbmRLaGVkcmkyMDA3ZnVsbHRleHQucGRmABMAAS8AABUAAgAN//8AAAAIAA0AGgAkAFgAAAAAAAACAQAAAAAAAAAFAAAAAAAAAAAAAAAAAAAB6g==},
	bdsk-file-2 = {YnBsaXN0MDDSAQIDBFxyZWxhdGl2ZVBhdGhZYWxpYXNEYXRhXxBXLi4vLi4vLi4vLi4vLi4vV29yay9SZXNlYXJjaC9QYXBlcnMvUmVsaWFibGVDb21wdXRpbmcvU21pdGhMYWlBbmRLaGVkcmkyMDA3ZnVsbHRleHQucGRmTxEB2AAAAAAB2AACAAAMTWFjaW50b3NoIEhEAAAAAAAAAAAAAAAAAAAAAAAAAEJEAAH/////H1NtaXRoTGFpQW5kS2hlZHJpMiNGRkZGRkZGRi5wZGYAAAAAAAAAAAAAAAAAAAAAAAAAAAAAAAAAAAAAAAAAAP////8AAAAAUERGIENBUk8ABQAFAAAKIGN1AAAAAAAAAAAAAAAAABFSZWxpYWJsZUNvbXB1dGluZwAAAgBXLzpVc2VyczpzbWl0aHM6V29yazpSZXNlYXJjaDpQYXBlcnM6UmVsaWFibGVDb21wdXRpbmc6U21pdGhMYWlBbmRLaGVkcmkyMDA3ZnVsbHRleHQucGRmAAAOAEQAIQBTAG0AaQB0AGgATABhAGkAQQBuAGQASwBoAGUAZAByAGkAMgAwADAANwBmAHUAbABsAHQAZQB4AHQALgBwAGQAZgAPABoADABNAGEAYwBpAG4AdABvAHMAaAAgAEgARAASAFVVc2Vycy9zbWl0aHMvV29yay9SZXNlYXJjaC9QYXBlcnMvUmVsaWFibGVDb21wdXRpbmcvU21pdGhMYWlBbmRLaGVkcmkyMDA3ZnVsbHRleHQucGRmAAATAAEvAAAVAAIADf//AAAACAANABoAJAB+AAAAAAAAAgEAAAAAAAAABQAAAAAAAAAAAAAAAAAAAlo=},
	bdsk-url-1 = {https://doi.org/10.1007/s11155-006-9020-7}}

@inproceedings{SmithAndLai2005,
	address = {Paris, France},
	author = {W. Spencer Smith and Lei Lai},
	booktitle = {Proceedings of the First International Workshop on Situational Requirements Engineering Processes -- Methods, Techniques and Tools to Support Situation-Specific Requirements Engineering Processes, SREP'05},
	date-added = {2022-06-14 16:14:51 -0400},
	date-modified = {2022-06-14 16:14:51 -0400},
	editor = {J. Ralyt\'{e} and P. \.{A}gerfalk and N. Kraiem},
	local-url = {file://localhost/Users/smiths/Work/Research/Papers/SREP05/SREP05_ReformatAndRevise/SmithAndLai_2005.pdf},
	organization = {In conjunction with 13th IEEE International Requirements Engineering Conference},
	pages = {107--121},
	title = {A New Requirements Template for Scientific Computing},
	year = {2005},
	bdsk-file-1 = {YnBsaXN0MDDSAQIDBFxyZWxhdGl2ZVBhdGhZYWxpYXNEYXRhXxAkLi4vLi4vLi4vLi4vcHViL1NtaXRoQW5kTGFpXzIwMDUucGRmTxEBXAAAAAABXAACAAAMTWFjaW50b3NoIEhEAAAAAAAAAAAAAAAAAAAAAAAAAEJEAAH/////FFNtaXRoQW5kTGFpXzIwMDUucGRmAAAAAAAAAAAAAAAAAAAAAAAAAAAAAAAAAAAAAAAAAAAAAAAAAAAAAAAAAP////8AAAAAAAAAAAAAAAAABAACAAAKIGN1AAAAAAAAAAAAAAAAAANwdWIAAAIALS86VXNlcnM6c21pdGhzOlJlcG9zOnB1YjpTbWl0aEFuZExhaV8yMDA1LnBkZgAADgAqABQAUwBtAGkAdABoAEEAbgBkAEwAYQBpAF8AMgAwADAANQAuAHAAZABmAA8AGgAMAE0AYQBjAGkAbgB0AG8AcwBoACAASABEABIAK1VzZXJzL3NtaXRocy9SZXBvcy9wdWIvU21pdGhBbmRMYWlfMjAwNS5wZGYAABMAAS8AABUAAgAN//8AAAAIAA0AGgAkAEsAAAAAAAACAQAAAAAAAAAFAAAAAAAAAAAAAAAAAAABqw==},
	bdsk-file-2 = {YnBsaXN0MDDSAQIDBFxyZWxhdGl2ZVBhdGhZYWxpYXNEYXRhXxBYLi4vLi4vLi4vLi4vLi4vV29yay9SZXNlYXJjaC9QYXBlcnMvU1JFUDA1L1NSRVAwNV9SZWZvcm1hdEFuZFJldmlzZS9TbWl0aEFuZExhaV8yMDA1LnBkZk8RAcQAAAAAAcQAAgAADE1hY2ludG9zaCBIRAAAAAAAAAAAAAAAAAAAAAAAAABCRAAB/////xRTbWl0aEFuZExhaV8yMDA1LnBkZgAAAAAAAAAAAAAAAAAAAAAAAAAAAAAAAAAAAAAAAAAAAAAAAAAAAAAAAAD/////AAAAAAAAAAAAAAAAAAUABgAACiBjdQAAAAAAAAAAAAAAAAAYU1JFUDA1X1JlZm9ybWF0QW5kUmV2aXNlAAIAWC86VXNlcnM6c21pdGhzOldvcms6UmVzZWFyY2g6UGFwZXJzOlNSRVAwNTpTUkVQMDVfUmVmb3JtYXRBbmRSZXZpc2U6U21pdGhBbmRMYWlfMjAwNS5wZGYADgAqABQAUwBtAGkAdABoAEEAbgBkAEwAYQBpAF8AMgAwADAANQAuAHAAZABmAA8AGgAMAE0AYQBjAGkAbgB0AG8AcwBoACAASABEABIAVlVzZXJzL3NtaXRocy9Xb3JrL1Jlc2VhcmNoL1BhcGVycy9TUkVQMDUvU1JFUDA1X1JlZm9ybWF0QW5kUmV2aXNlL1NtaXRoQW5kTGFpXzIwMDUucGRmABMAAS8AABUAAgAN//8AAAAIAA0AGgAkAH8AAAAAAAACAQAAAAAAAAAFAAAAAAAAAAAAAAAAAAACRw==}}
